<record><leader>00000cas a2200000 i 4500</leader><controlfield tag="001">936439072</controlfield><controlfield tag="006">m     o  d        </controlfield><controlfield tag="007">cr |||||||||||</controlfield><controlfield tag="008">160203d18551905ohucr neo     0   a0eng  </controlfield><datafield ind1=" " ind2=" " tag="010"><subfield code="a">  2015270850</subfield></datafield><datafield ind1=" " ind2=" " tag="040"><subfield code="a">DLC</subfield><subfield code="b">eng</subfield><subfield code="e">rda</subfield><subfield code="c">DLC</subfield><subfield code="d">DLC</subfield><subfield code="d">OCLCF</subfield></datafield><datafield ind1="0" ind2=" " tag="022"><subfield code="a">2470-6442</subfield><subfield code="2">1</subfield></datafield><datafield ind1=" " ind2=" " tag="042"><subfield code="a">pcc</subfield><subfield code="a">nsdp</subfield></datafield><datafield ind1=" " ind2=" " tag="043"><subfield code="a">n-us-oh</subfield></datafield><datafield ind1="1" ind2="0" tag="050"><subfield code="a">ISSN RECORD</subfield></datafield><datafield ind1="1" ind2="0" tag="082"><subfield code="a">071</subfield><subfield code="2">23</subfield></datafield><datafield ind1="0" ind2=" " tag="130"><subfield code="a">Bellefontaine Republican (Bellefontaine, Ohio : 1855)</subfield></datafield><datafield ind1=" " ind2="4" tag="222"><subfield code="a">The Bellefontaine Republican</subfield><subfield code="b">(Bellefontaine, Ohio. 1855. Online)</subfield></datafield><datafield ind1="1" ind2="4" tag="245"><subfield code="a">The Bellefontaine Republican.</subfield></datafield><datafield ind1=" " ind2="1" tag="264"><subfield code="a">Bellefontaine, Logan County, Ohio :</subfield><subfield code="b">J. Q. A. Campbell</subfield></datafield><datafield ind1=" " ind2=" " tag="300"><subfield code="a">1 online resouce</subfield></datafield><datafield ind1=" " ind2=" " tag="310"><subfield code="a">Semiweekly,</subfield><subfield code="b">Aug. 14, 1883-Dec. 1905</subfield></datafield><datafield ind1=" " ind2=" " tag="321"><subfield code="a">Weekly,</subfield><subfield code="b">Apr. 20, 1855-Aug. 9, 1883</subfield></datafield><datafield ind1=" " ind2=" " tag="336"><subfield code="a">text</subfield><subfield code="b">txt</subfield><subfield code="2">rdacontent</subfield></datafield><datafield ind1=" " ind2=" " tag="337"><subfield code="a">computer</subfield><subfield code="b">c</subfield><subfield code="2">rdamedia</subfield></datafield><datafield ind1=" " ind2=" " tag="338"><subfield code="a">online resource</subfield><subfield code="b">cr</subfield><subfield code="2">rdacarrier</subfield></datafield><datafield ind1="1" ind2=" " tag="362"><subfield code="a">Began April 20, 1855); ceased in December 1905.</subfield></datafield><datafield ind1=" " ind2=" " tag="500"><subfield code="a">"Republican." Cf. Gutgesell, S. Guide to Ohio newspapers, 1974.</subfield></datafield><datafield ind1=" " ind2=" " tag="500"><subfield code="a">Publisher: Index Republican Company, &lt;December 27, 1904&gt;.</subfield></datafield><datafield ind1=" " ind2=" " tag="525"><subfield code="a">Supplements accompany some issues.</subfield></datafield><datafield ind1=" " ind2=" " tag="588"><subfield code="a">Description based on: Volume XLIV, number 70 (September 2, 1898); title from masthead (Chroniclingamerica.loc.gov, viewed February 3, 2016).</subfield></datafield><datafield ind1=" " ind2=" " tag="588"><subfield code="a">Latest issue consulted: Volume L, number 104 (Dec. 27, 1904) (Chroniclingamerica.loc.gov, viewed February 3, 2016).</subfield></datafield><datafield ind1=" " ind2="0" tag="651"><subfield code="a">Bellefontaine (Ohio)</subfield><subfield code="v">Newspapers.</subfield></datafield><datafield ind1=" " ind2="7" tag="655"><subfield code="a">Newspapers.</subfield><subfield code="2">fast</subfield><subfield code="0">(OCoLC)fst01423814</subfield></datafield><datafield ind1=" " ind2="7" tag="651"><subfield code="a">Ohio</subfield><subfield code="z">Bellefontaine.</subfield><subfield code="2">fast</subfield><subfield code="0">(OCoLC)fst01222372</subfield></datafield><datafield ind1=" " ind2=" " tag="752"><subfield code="a">United States</subfield><subfield code="b">Ohio</subfield><subfield code="c">Logan</subfield><subfield code="d">Bellefontaine.</subfield></datafield><datafield ind1="0" ind2="8" tag="776"><subfield code="i">Originally issued in print:</subfield><subfield code="t">Bellefontaine Republican (Bellefontaine, Ohio : 1855)</subfield><subfield code="x">2470-6434</subfield><subfield code="w">(DLC)sn 85038153</subfield><subfield code="w">(OCoLC)11838682</subfield></datafield><datafield ind1="0" ind2="7" tag="785"><subfield code="t">Logan County index</subfield></datafield><datafield ind1="0" ind2="7" tag="785"><subfield code="t">Weekly Index-Republican</subfield></datafield><datafield ind1="4" ind2="0" tag="856"><subfield code="u">http://www.loc.gov/chroniclingamerica/lccn/sn85038153/issues</subfield></datafield></record>